% This file was created with JabRef 2.7b.
% Encoding: UTF-8

@ARTICLE{Caldwell1995,
  author = {J W Caldwell and P A Kollman},
  journal = {J. Phys. Chem.},
  year = {1995},
  volume = {99},
  pages = {6208-6219},
  owner = {eric},
  timestamp = {2007.04.13}
}

@BOOK{Case2010,
  title = {Amber 11},
  publisher = {University of California, San Francisco.},
  year = {2010},
  author = {Case and T.A. Darden and T.E. Cheatham III and C.L. Simmerling and
	J. Wang and R.E. Duke and R. Luo and R.C. Walker and W. Zhang and
	K.M. Merz and B. Roberts and B. Wang and S. Hayik and A. Roitberg
	and G. Seabra and I. Kolossváry and K.F. Wong and F. Paesani and
	J. Vanicek and J. Liu and X. Wu and S.R. Brozell and T. Steinbrecher
	and H. Gohlke and Q. Cai and X. Ye and J. Wang and M.-J. Hsieh and
	G. Cui and D.R. Roe and D.H. Mathews and M.G. Seetin and C. Sagui
	and V. Babin and T. Luchko and S. Gusarov and A. Kovalenko and and
	P.A. Kollman},
  owner = {shachar},
  timestamp = {2010.12.17}
}

@ARTICLE{Case2005,
  author = {Case, D. A. and Cheatham, T. E. and Darden, T. and Gohlke, H. and
	Luo, R. and Merz, K. M. and Onufriev, A. and Simmerling, C. and Wang,
	B. and Woods, R. J.},
  title = {The Amber biomolecular simulation programs},
  journal = {Journal of Computational Chemistry},
  year = {2005},
  volume = {26},
  pages = {1668--1688},
  number = {16},
  month = dec,
  __markedentry = {[eric:6]},
  doi = {10.1002/jcc.20290},
  owner = {eric},
  sn = {0192-8651},
  tc = {1310},
  timestamp = {2011.12.01},
  ut = {WOS:000233021400002},
  z9 = {1329}
}

@ARTICLE{Martinez2009,
  author = {L Martínez and R Andrade and EG Birgin and JM Martínez},
  title = {Packmol: A package for building initial configurations for molecular
	dynamics simulations.},
  journal = {Journal of Computational Chemistry},
  year = {2009},
  volume = {30},
  pages = {2157-2164},
  owner = {eric},
  timestamp = {2011.12.01}
}

@ARTICLE{Pearlman1995,
  author = {Pearlman, D. A. and Case, D. A. and Caldwell, J. W. and Ross, W.
	S. and Cheatham, T. E. and Debolt, S. and Ferguson, D. and Seibel,
	G. and Kollman, P.},
  title = {Amber, A Package of Computer-programs For Applying Molecular Mechanics,
	Normal-mode Analysis, Molecular-dynamics and Free-energy Calculations
	To Simulate the Structural and Energetic Properties of Molecules},
  journal = {Computer Physics Communications},
  year = {1995},
  volume = {91},
  pages = {1--41},
  number = {1-3},
  month = sep,
  __markedentry = {[eric:]},
  doi = {10.1016/0010-4655(95)00041-D},
  owner = {eric},
  sn = {0010-4655},
  tc = {1425},
  timestamp = {2011.12.01},
  ut = {WOS:A1995TF32200003},
  z9 = {1448}
}

@ARTICLE{Shamay2011,
  author = {Shamay, Eric Shachar and Johnson, Kevin and Richmond, Geraldine L},
  title = {Dancing on Water: The Choreography of Sulfur Dioxide Adsorption to
	Aqueous Surfaces},
  journal = {The Journal of Physical Chemistry C},
  year = {2011},
  volume = {0},
  pages = {null},
  number = {ja},
  __markedentry = {[eric:6]},
  doi = {10.1021/jp2064326},
  eprint = {http://pubs.acs.org/doi/pdf/10.1021/jp2064326},
  owner = {eric},
  timestamp = {2011.12.05},
  url = {http://pubs.acs.org/doi/abs/10.1021/jp2064326}
}

@comment{jabref-meta: selector_publisher:}

@comment{jabref-meta: selector_author:}

@comment{jabref-meta: selector_journal:}

@comment{jabref-meta: selector_keywords:}

